@article{houseplantsurvey,
  title = {Survey: Decorating with Houseplants},
  journal={Article.com},
  year={2020},
  url = {https://www.article.com/blog/survey-decorating-with-houseplants/}
}

@booklet{plantsbooklet,
  title        = "Plants: an ideal living material for teaching science",
  author       = "Dan Jenkins", 
  month        = September,
  year         = 2015
}

@article{ppparticle,
  author   = "Agnes Lornitzo, Liza Auleitner, Christine Heidinger, Peter Lampert, Michael Kiehn",
  title    = "Using students' interest in useful plants to encourage plant vision in the classroom",
  journal  = "Plants People Planet",
  year     = 2019
}

@Article{Danya2017,
    title={What is the demographic information around people in the UK that practice home gardening?},
    author={Danya S.},
    year={2017},
    url={https://askwonder.com/research/demographic-information-around-people-uk-practice-home-gardening-pi77tzwyz#:~:text=Consumers\%20aged\%2045\%2D54\%20years,female\%20aged\%2055\%20and\%20older.}
}

@Misc{RHS2021,
    title={Fundraising for your community garden},
    author={RHS},
    year={2021},
    url={https://www.rhs.org.uk/get-involved/community-gardening/resources/fundraising}
}

@Article{Han2008, 
    title={Influence of Limitedly Visible Leafy Indoor Plants on the Psychology, Behavior, and Health of Students at a Junior High School in Taiwan},
    author={Ke-Tsung Han},
    year={2008},
    journal={EDRA},
    volume={41},
    issue={5},
    pages={658-692}
}

@Article{Middleton2018,
    title={Leave It to the Expert: Seven Most Difficult Plants to Grow in Your Garden},
    author={Katie Middleton},
    year={2018},
    url={https://www.gardenbuildingsdirect.co.uk/blog/seven-plants-difficult-grow/}
}

@Misc{Buck2016,
    title={Gardens and health : Implications for policy and practice},
    author={David Buck},
    year={2016},
    url={https://www.kingsfund.org.uk/sites/default/files/field/field_publication_file/Gardens_and_health.pdf}
}

@Article{Ellison,
    title={Health and well-being benefits of plants},
    author={Texas A\&M},
    url={https://ellisonchair.tamu.edu/health-and-well-being-benefits-of-plants/}
}

@Document{EduBio,
    title={The Importance of Practical Biology: from School to Higher Education},
    author={Society of Biology},
    year={2010},
    url={https://www.rsb.org.uk/images/Practical\%20Biology\%20Position\%20Paper.pdf}
}